%% Created using Papers on Mon, 24 Jul 2017.
%% http://papersapp.com/papers/

@article{Kanehisa:2011fz,
author = {Kanehisa, M and Goto, S and Sato, Y and Furumichi, M and Tanabe, M},
title = {{KEGG for integration and interpretation of large-scale molecular data sets}},
journal = {Nucleic Acids Research},
year = {2011},
volume = {40},
number = {D1},
pages = {D109--D114},
month = dec
}

@article{Pan:2007ey,
author = {Pan, Guangjin and Tian, Shulan and Nie, Jeff and Yang, Chuhu and Ruotti, Victor and Wei, Hairong and Jonsdottir, Gudrun A and Stewart, Ron and Thomson, James A},
title = {{Whole-Genome Analysis of Histone H3 Lysine 4 and Lysine 27 Methylation in Human Embryonic Stem Cells}},
journal = {Cell Stem Cell},
year = {2007},
volume = {1},
number = {3},
pages = {299--312},
month = sep
}

@article{Wood:2010cl,
author = {Wood, Simon N},
title = {{Fast stable restricted maximum likelihood and marginal likelihood estimation of semiparametric generalized linear models}},
journal = {Journal of the Royal Statistical Society Series B},
year = {2010},
volume = {73},
number = {1},
pages = {3--36},
month = sep
}

@article{Love:2014ka,
author = {Love, Michael I and Huber, Wolfgang and Anders, Simon},
title = {{Moderated estimation of fold change and dispersion for RNA-seq data with DESeq2.}},
journal = {Genome Biology},
year = {2014},
volume = {15},
number = {12},
pages = {550}
}

@article{Kanehisa:2000jn,
author = {Kanehisa, M},
title = {{KEGG: Kyoto Encyclopedia of Genes and Genomes}},
journal = {Nucleic Acids Research},
year = {2000},
volume = {28},
number = {1},
pages = {27--30},
month = jan
}

@article{Sartor:2009fo,
author = {Sartor, Maureen A and Mahavisno, Vasudeva and Keshamouni, Venkateshwar G and Cavalcoli, James and Wright, Zachary and Karnovsky, Alla and Kuick, Rork and Jagadish, H V and Mirel, Barbara and Weymouth, Terry and Athey, Brian and Omenn, Gilbert S},
title = {{ConceptGen: a gene set enrichment and gene set relation mapping tool}},
journal = {Bioinformatics },
year = {2009},
volume = {26},
number = {4},
pages = {456--463},
month = dec
}

@article{Simillion:2017hj,
author = {Simillion, Cedric and Liechti, Robin and Lischer, Heidi E L and Ioannidis, Vassilios and Bruggmann, R{\'e}my},
title = {{Avoiding the pitfalls of gene set enrichment analysis with SetRank}},
journal = {BMC Bioinformatics},
year = {2017},
volume = {18},
number = {1},
pages = {151},
month = mar
}

@article{Curtis:2005ck,
author = {Curtis, R Keira and Oresic, Matej and Vidal-Puig, Antonio},
title = {{Pathways to the analysis of microarray data.}},
journal = {Trends in biotechnology},
year = {2005},
volume = {23},
number = {8},
pages = {429--435},
month = aug
}

@article{Sartor:2010fo,
author = {Sartor, Maureen A and Mahavisno, Vasudeva and Keshamouni, Venkateshwar G and Cavalcoli, James and Wright, Zachary and Karnovsky, Alla and Kuick, Rork and Jagadish, H V and Mirel, Barbara and Weymouth, Terry and Athey, Brian and Omenn, Gilbert S},
title = {{ConceptGen: a gene set enrichment and gene set relation mapping tool}},
journal = {Bioinformatics },
year = {2010},
volume = {26},
number = {4},
pages = {456--463},
month = feb
}

@article{Song:2012eb,
author = {Song, Chun Xiao and Yi, Chengqi and He, Chuan},
title = {{Mapping recently identified nucleotide variants in the genome and transcriptome.}},
journal = {Nature Biotechnology},
year = {2012},
volume = {30},
number = {11},
pages = {1107--1116},
month = nov
}

@article{Robinson:2010cw,
author = {Robinson, Mark D and McCarthy, Davis J and Smyth, Gordon K},
title = {{edgeR: a Bioconductor package for differential expression analysis of digital gene expression data.}},
journal = {Bioinformatics },
year = {2010},
volume = {26},
number = {1},
pages = {139--140},
month = jan
}

@article{Aryee:2016gz,
author = {Aryee, M J and Marsit, C J and Christensen, B C and Kraus, T F and Jin, S G and Godley, L A and Ostrom, Q T and Johnson, Kevin C and Houseman, E A and Houseman, E Andres and King, Jessica E and von Herrmann, Katharine M and Fadul, Camilo E and Christensen, Brock C},
title = {{5-Hydroxymethylcytosine localizes to enhancer elements and is associated with survival in glioblastoma patients.}},
journal = {Nature Communications},
year = {2016},
volume = {7},
number = {13177},
month = nov
}

@article{Kishore:2015jg,
author = {Kishore, Kamal and de Pretis, Stefano and Lister, Ryan and Morelli, Marco J and Bianchi, Valerio and Amati, Bruno and Ecker, Joseph R and Pelizzola, Mattia},
title = {{methylPipe and compEpiTools: a suite of R packages for the integrative analysis of epigenomics data.}},
journal = {BMC Bioinformatics},
year = {2015},
volume = {16},
number = {313},
month = sep
}

@article{Chagoyen:2011bl,
author = {Chagoyen, M and Pazos, F},
title = {{MBRole: enrichment analysis of metabolomic data}},
journal = {Bioinformatics },
year = {2011},
volume = {27},
number = {5},
pages = {730--731},
month = feb
}

@article{Baker:2011fd,
author = {Baker, Monya},
title = {{Metabolomics: from small molecules to big ideas}},
journal = {Nature Methods},
year = {2011},
volume = {8},
number = {2},
pages = {117--121},
month = feb
}

@article{Allis:2016cp,
author = {Allis, C David and Jenuwein, Thomas},
title = {{The molecular hallmarks of epigenetic control}},
journal = {Nature Reviews Genetics},
year = {2016},
volume = {17},
number = {8},
pages = {487--500},
month = jun
}

@article{Schubeler:2015it,
author = {Sch{\"u}beler, Dirk},
title = {{Function and information content of DNA methylation.}},
journal = {Nature},
year = {2015},
volume = {517},
number = {7534},
pages = {321--326},
month = jan
}

@article{Barth:2010jc,
author = {Barth, Teresa K and Imhof, Axel},
title = {{Fast signals and slow marks: the dynamics of histone modifications}},
journal = {Trends in Biochemical Sciences},
year = {2010},
volume = {35},
number = {11},
pages = {618--626},
month = nov
}

@article{Upton:1992fn,
author = {Upton, Graham J G},
title = {{Fisher's Exact Test}},
journal = {Journal of the Royal Statistical Society. Series A (Statistics in Society)},
year = {1992},
volume = {155},
number = {3},
pages = {395--402}
}

@article{McLean:2010iq,
author = {McLean, Cory Y and Bristor, Dave and Hiller, Michael and Clarke, Shoa L and Schaar, Bruce T and Lowe, Craig B and Wenger, Aaron M and Bejerano, Gill},
title = {{GREAT improves functional interpretation of cis-regulatory regions}},
journal = {Nature Biotechnology},
year = {2010},
volume = {28},
number = {5},
pages = {495--501},
month = may
}

@article{Baylin:2011ef,
author = {Baylin, Stephen B and Jones, Peter A},
title = {{A decade of exploring the cancer epigenome - biological and translational implications.}},
journal = {Nature Reviews Cancer},
year = {2011},
volume = {11},
number = {10},
pages = {726--734},
month = oct
}

@article{Huang:2009gk,
author = {Huang, Da Wei and Sherman, Brad T and Lempicki, Richard A},
title = {{Systematic and integrative analysis of large gene lists using DAVID bioinformatics resources.}},
journal = {Nature Protocols},
year = {2009},
volume = {4},
number = {1},
pages = {44--57}
}

@article{Untitled:aBbJTOzN,
title = {{FastQC}}
}

@article{Zhang:2014cu,
author = {Zhang, Yanxiao and Lin, Yu Hsuan and Johnson, Timothy D and Rozek, Laura S and Sartor, Maureen A},
title = {{PePr: a peak-calling prioritization pipeline to identify consistent or differential peaks from replicated ChIP-Seq data.}},
journal = {Bioinformatics },
year = {2014},
volume = {30},
number = {18},
pages = {2568--2575},
month = sep
}

@article{Shuaib:2002vq,
author = {Shuaib, A},
title = {{The role of taurine in cerebral ischemia: studies in transient forebrain ischemia and embolic focal ischemia in rodents.}},
journal = {Advances in experimental medicine and biology},
year = {2002}
}

@article{Landt:2012cl,
author = {Landt, Stephen G and Marinov, Georgi K and Kundaje, Anshul and Kheradpour, Pouya and Pauli, Florencia and Batzoglou, Serafim and Bernstein, Bradley E and Bickel, Peter and Brown, James B and Cayting, Philip and Chen, Yiwen and DeSalvo, Gilberto and Epstein, Charles and Fisher-Aylor, Katherine I and Euskirchen, Ghia and Gerstein, Mark and Gertz, Jason and Hartemink, Alexander J and Hoffman, Michael M and Iyer, Vishwanath R and Jung, Youngsook L and Karmakar, Subhradip and Kellis, Manolis and Kharchenko, Peter V and Li, Qunhua and Liu, Tao and Liu, X Shirley and Ma, Lijia and Milosavljevic, Aleksandar and Myers, Richard M and Park, Peter J and Pazin, Michael J and Perry, Marc D and Raha, Debasish and Reddy, Timothy E and Rozowsky, Joel and Shoresh, Noam and Sidow, Arend and Slattery, Matthew and Stamatoyannopoulos, John A and Tolstorukov, Michael Y and White, Kevin P and Xi, Simon and Farnham, Peggy J and Lieb, Jason D and Wold, Barbara J and Snyder, Michael},
title = {{ChIP-seq guidelines and practices of the ENCODE and modENCODE consortia.}},
journal = {Genome Research},
year = {2012},
volume = {22},
number = {9},
pages = {1813--1831},
month = sep
}

@article{Lee:2016es,
author = {Lee, Chee and Patil, Snehal and Sartor, Maureen A},
title = {{RNA-Enrich: a cut-off free functional enrichment testing method for RNA-seq with improved detection power}},
journal = {Bioinformatics },
year = {2016},
volume = {32},
number = {7},
pages = {1100--1102},
month = apr
}

@article{Maurano:2015fl,
author = {Maurano, Matthew T and Wang, Hao and John, Sam and Shafer, Anthony and Canfield, Theresa and Lee, Kristen and Stamatoyannopoulos, John A},
title = {{Role of DNA Methylation in Modulating Transcription Factor Occupancy.}},
journal = {Cell Reports},
year = {2015},
volume = {12},
number = {7},
pages = {1184--1195},
month = aug
}

@article{Kuleshov:2016hp,
author = {Kuleshov, Maxim V and Jones, Matthew R and Rouillard, Andrew D and Fernandez, Nicolas F and Duan, Qiaonan and Wang, Zichen and Koplev, Simon and Jenkins, Sherry L and Jagodnik, Kathleen M and Lachmann, Alexander and McDermott, Michael G and Monteiro, Caroline D and Gundersen, Gregory W and Ma'ayan, Avi},
title = {{Enrichr: a comprehensive gene set enrichment analysis web server 2016 update}},
journal = {Nucleic Acids Research},
year = {2016},
volume = {44},
number = {W1},
pages = {W90--W97},
month = jul
}

@article{Buscher:2009ko,
author = {B{\"u}scher, J{\"o}rg Martin and Czernik, Dominika and Ewald, Jennifer Christina and Sauer, Uwe and Zamboni, Nicola},
title = {{Cross-Platform Comparison of Methods for Quantitative Metabolomics of Primary Metabolism}},
journal = {Analytical chemistry},
year = {2009},
volume = {81},
number = {6},
pages = {2135--2143},
month = mar
}

@article{Waldmann:2013cj,
author = {Waldmann, Tanja and Schneider, Robert},
title = {{Targeting histone modifications {\textemdash} epigenetics in cancer}},
journal = {Current Opinion in Cell Biology},
year = {2013},
volume = {25},
number = {2},
pages = {184--189},
month = apr
}

@article{Deaton:2011cz,
author = {Deaton, Aim{\'e}e M and Bird, Adrian},
title = {{CpG islands and the regulation of transcription.}},
journal = {Genes {\&} Development},
year = {2011},
volume = {25},
number = {10},
pages = {1010--1022},
month = may
}

@article{Houseman:2016gn,
author = {Houseman, E Andres and Johnson, Kevin C and Christensen, Brock C},
title = {{OxyBS: estimation of 5-methylcytosine and 5-hydroxymethylcytosine from tandem-treated oxidative bisulfite and bisulfite DNA.}},
journal = {Bioinformatics },
year = {2016},
volume = {32},
number = {16},
pages = {2505--2507},
month = aug
}

@article{Zhang:2008gm,
author = {Zhang, Yong and Liu, Tao and Meyer, Clifford A and Eeckhoute, J{\'e}r{\^o}me and Johnson, David S and Bernstein, Bradley E and Nusbaum, Chad and Myers, Richard M and Brown, Myles and Li, Wei and Liu, X Shirley},
title = {{Model-based analysis of ChIP-Seq (MACS).}},
journal = {Genome Biology},
year = {2008},
volume = {9},
number = {9},
pages = {R137}
}

@article{Jonsson:2004bo,
author = {Jonsson, P{\"a}r and Gullberg, Jonas and Nordstr{\"o}m, Anders and Kusano, Miyako and Kowalczyk, Mariusz and Sj{\"o}str{\"o}m, Michael and Moritz, Thomas},
title = {{A strategy for identifying differences in large series of metabolomic samples analyzed by GC/MS.}},
journal = {Analytical chemistry},
year = {2004},
volume = {76},
number = {6},
pages = {1738--1745},
month = mar
}

@article{Rao:2014eo,
author = {Rao, Suhas S P and Huntley, Miriam H and Durand, Neva C and Stamenova, Elena K and Bochkov, Ivan D and Robinson, James T and Sanborn, Adrian L and Machol, Ido and Omer, Arina D and Lander, Eric S and Aiden, Erez Lieberman},
title = {{A 3D Map of the Human Genome at Kilobase Resolution Reveals Principles of Chromatin Looping}},
journal = {Cell},
year = {2014},
volume = {159},
number = {7},
pages = {1665--1680},
month = dec
}

@article{Ivanov:2016hh,
author = {Ivanov, Maxim and Kals, Mart and Lauschke, Volker and Barragan, Isabel and Ewels, Philip and K{\"a}ller, Max and Axelsson, Tomas and Lehti{\"o}, Janne and Lehti, Janne and Milani, Lili and Ingelman-Sundberg, Magnus},
title = {{Single base resolution analysis of 5-hydroxymethylcytosine in 188 human genes: implications for hepatic gene expression.}},
journal = {Nucleic Acids Research},
year = {2016},
volume = {44},
number = {14},
pages = {6756--6769},
month = aug
}

@article{Bailey:2013ie,
author = {Bailey, Timothy and Krajewski, Pawel and Ladunga, Istvan and Lefebvre, Celine and Li, Qunhua and Liu, Tao and Madrigal, Pedro and Taslim, Cenny and Zhang, Jie},
title = {{Practical guidelines for the comprehensive analysis of ChIP-seq data.}},
journal = {PLoS computational biology},
year = {2013},
volume = {9},
number = {11},
pages = {e1003326}
}

@article{Young:2010ud,
author = {Young, M D and Wakefield, M J},
title = {{Gene ontology analysis for RNA-seq: accounting for selection bias}},
journal = {Genome Biology},
year = {2010}
}

@article{Rhodes:2007bd,
author = {Rhodes, Daniel R and Kalyana-Sundaram, Shanker and Tomlins, Scott A and Mahavisno, Vasudeva and Kasper, Nicole and Varambally, Radhika and Barrette, Terrence R and Ghosh, Debashis and Varambally, Sooryanarayana and Chinnaiyan, Arul M},
title = {{Molecular Concepts Analysis Links Tumors, Pathways, Mechanisms, and Drugs}},
journal = {Neoplasia},
year = {2007},
volume = {9},
number = {5},
pages = {443--IN9},
month = may
}

@article{Meissner:2005eb,
author = {Meissner, Alexander and Gnirke, Andreas and Bell, George W and Ramsahoye, Bernard and Lander, Eric S and Jaenisch, Rudolf},
title = {{Reduced representation bisulfite sequencing for comparative high-resolution DNA methylation analysis.}},
journal = {Nucleic Acids Research},
year = {2005}
}

@article{Han:2013gv,
author = {Han, Jaeseok and Back, Sung Hoon and Hur, Junguk and Lin, Yu Hsuan and Gildersleeve, Robert and Shan, Jixiu and Yuan, Celvie L and Krokowski, Dawid and Wang, Shiyu and Hatzoglou, Maria and Kilberg, Michael S and Sartor, Maureen A and Kaufman, Randal J},
title = {{ER-stress-induced transcriptional regulation increases protein synthesis leading to cell~death.}},
journal = {Nature cell biology},
year = {2013},
volume = {15},
number = {5},
pages = {481--490},
month = may
}

@article{Ewels:2016bk,
author = {Ewels, Philip and Magnusson, M{\aa}ns and Lundin, Sverker and K{\"a}ller, Max},
title = {{MultiQC: summarize analysis results for multiple tools and samples in a single report.}},
journal = {Bioinformatics },
year = {2016},
volume = {32},
number = {19},
pages = {3047--3048},
month = oct
}

@article{Coletti:2001gv,
author = {Coletti, M H and Bleich, H L},
title = {{Medical Subject Headings Used to Search the Biomedical Literature}},
journal = {Journal of the American Medical Informatics Association},
year = {2001},
volume = {8},
number = {4},
pages = {317--323},
month = jul
}

@article{Wu:2017hu,
author = {Wu, Xiaoji and Zhang, Yi},
title = {{TET-mediated active DNA demethylation: mechanism, function and beyond}},
journal = {Nature Reviews Genetics},
year = {2017},
pages = {1--18}
}

@article{Zhu:2010be,
author = {Zhu, Lihua J and Gazin, Claude and Lawson, Nathan D and Pag{\`e}s, Herv{\'e} and Lin, Simon M and Lapointe, David S and Green, Michael R},
title = {{ChIPpeakAnno: a Bioconductor package to annotate ChIP-seq and ChIP-chip data.}},
journal = {BMC Bioinformatics},
year = {2010},
volume = {11},
number = {1},
pages = {237},
month = may
}

@article{Wu:2016hq,
author = {Wu, Hao and Park, Yongseok},
title = {{Differential methylation analysis for BS-seq data under general experimental design}},
journal = {Bioinformatics },
year = {2016},
volume = {32},
number = {10},
pages = {1446--1453},
month = may
}

@article{Vayer:1987cj,
author = {Vayer, Philippe and Mandel, Paul and Maitre, Michel},
title = {{Gamma-hydroxybutyrate, a possible neurotransmitter}},
journal = {Life sciences},
year = {1987},
volume = {41},
number = {13},
pages = {1547--1557},
month = sep
}

@article{Nakato:2016dz,
author = {Nakato, Ryuichiro and Shirahige, Katsuhiko},
title = {{Recent advances in ChIP-seq analysis: from quality management to whole-genome annotation}},
journal = {Briefings in bioinformatics},
year = {2016},
pages = {bbw023--12},
month = mar
}

@article{Khomtchouk:2016kv,
author = {Khomtchouk, Bohdan and Van Booven, Derek and Wahlestedt, Claes},
title = {{geneXtendeR: R/Bioconductor package for functional annotation of histone modification ChIP-seq data in a 3D genome world}},
journal = {bioRxiv},
year = {2016},
pages = {082347}
}

@article{Hastings:2012ww,
author = {Hastings, Janna and de Matos, Paula and Dekker, Adriano and Ennis, Marcus and Harsha, Bhavana and Kale, Namrata and Muthukrishnan, Venkatesh and Owen, Gareth and Turner, Steve and Williams, Mark and Steinbeck, Christoph},
title = {{The ChEBI reference database and ontology for biologically relevant chemistry: enhancements for 2013}},
journal = {Nucleic Acids Research},
year = {2013},
volume = {41},
number = {D1},
pages = {D456--D463},
month = jan
}

@article{Bachman:2014dla,
author = {Bachman, Martin and Uribe-Lewis, Santiago and Yang, Xiaoping and Williams, Michael and Murrell, Adele and Balasubramanian, Shankar},
title = {{5-Hydroxymethylcytosine is a predominantly stable DNA modification}},
journal = {Nature Chemistry},
year = {2014},
volume = {6},
number = {12},
pages = {1049--1055},
month = sep
}

@article{Barski:2007gh,
author = {Barski, Artem and Cuddapah, Suresh and Cui, Kairong and Roh, Tae-Young and Schones, Dustin E and Wang, Zhibin and Wei, Gang and Chepelev, Iouri and Zhao, Keji},
title = {{High-resolution profiling of histone methylations in the human genome.}},
journal = {Cell},
year = {2007},
volume = {129},
number = {4},
pages = {823--837},
month = may
}

@article{Sas:2015go,
author = {Sas, Kelli M and Karnovsky, Alla and Michailidis, George and Pennathur, Subramaniam},
title = {{Metabolomics and Diabetes: Analytical and Computational Approaches}},
journal = {Diabetes},
year = {2015},
volume = {64},
number = {3},
pages = {718--732},
month = mar
}

@book{Xia:2002gx,
author = {Xia, Jianguo and Wishart, David S},
title = {{Using MetaboAnalyst 3.0 for Comprehensive Metabolomics Data Analysis}},
publisher = {John Wiley {\&} Sons, Inc.},
year = {2002},
volume = {5},
series = {Using MetaboAnalyst 3.0 for Comprehensive Metabolomics Data Analysis},
address = {Hoboken, NJ, USA},
month = aug
}

@article{Lander:2001hk,
author = {Lander, E S and Linton, L M and Birren, B and Nusbaum, C and Zody, M C and Baldwin, J and Devon, K and Dewar, K and Doyle, M and FitzHugh, W and Funke, R and Gage, D and Harris, K and Heaford, A and Howland, J and Kann, L and Lehoczky, J and LeVine, R and McEwan, P and McKernan, K and Meldrim, J and Mesirov, J P and Miranda, C and Morris, W and Naylor, J and Raymond, C and Rosetti, M and Santos, R and Sheridan, A and Sougnez, C and Stange-Thomann, Y and Stojanovic, N and Subramanian, A and Wyman, D and Rogers, J and Sulston, J and Ainscough, R and Beck, S and Bentley, D and Burton, J and Clee, C and Carter, N and Coulson, A and Deadman, R and Deloukas, P and Dunham, A and Dunham, I and Durbin, R and French, L and Grafham, D and Gregory, S and Hubbard, T and Humphray, S and Hunt, A and Jones, M and Lloyd, C and McMurray, A and Matthews, L and Mercer, S and Milne, S and Mullikin, J C and Mungall, A and Plumb, R and Ross, M and Shownkeen, R and Sims, S and Waterston, R H and Wilson, R K and Hillier, L W and McPherson, J D and Marra, M A and Mardis, E R and Fulton, L A and Chinwalla, A T and Pepin, K H and Gish, W R and Chissoe, S L and Wendl, M C and Delehaunty, K D and Miner, T L and Delehaunty, A and Kramer, J B and Cook, L L and Fulton, R S and Johnson, D L and Minx, P J and Clifton, S W and Hawkins, T and Branscomb, E and Predki, P and Richardson, P and Wenning, S and Slezak, T and Doggett, N and Cheng, J F and Olsen, A and Lucas, S and Elkin, C and Uberbacher, E and Frazier, M and Gibbs, R A and Muzny, D M and Scherer, S E and Bouck, J B and Sodergren, E J and Worley, K C and Rives, C M and Gorrell, J H and Metzker, M L and Naylor, S L and Kucherlapati, R S and Nelson, D L and Weinstock, G M and Sakaki, Y and Fujiyama, A and Hattori, M and Yada, T and Toyoda, A and Itoh, T and Kawagoe, C and Watanabe, H and Totoki, Y and Taylor, T and Weissenbach, J and Heilig, R and Saurin, W and Artiguenave, F and Brottier, P and Bruls, T and Pelletier, E and Robert, C and Wincker, P and Smith, D R and Doucette-Stamm, L and Rubenfield, M and Weinstock, K and Lee, H M and Dubois, J and Rosenthal, A and Platzer, M and Nyakatura, G and Taudien, S and Rump, A and Yang, H and Yu, J and Wang, J and Huang, G and Gu, J and Hood, L and Rowen, L and Madan, A and Qin, S and Davis, R W and Federspiel, N A and Abola, A P and Proctor, M J and Myers, R M and Schmutz, J and Dickson, M and Grimwood, J and Cox, D R and Olson, M V and Kaul, R and Shimizu, N and Kawasaki, K and Minoshima, S and Evans, G A and Athanasiou, M and Schultz, R and Roe, B A and Chen, F and Pan, H and Ramser, J and Lehrach, H and Reinhardt, R and McCombie, W R and de la Bastide, M and Dedhia, N and Bl{\"o}cker, H and Hornischer, K and Nordsiek, G and Agarwala, R and Aravind, L and Bailey, J A and Bateman, A and Batzoglou, S and Birney, E and Bork, P and Brown, D G and Burge, C B and Cerutti, L and Chen, H C and Church, D and Clamp, M and Copley, R R and Doerks, T and Eddy, S R and Eichler, E E and Furey, T S and Galagan, J and Gilbert, J G and Harmon, C and Hayashizaki, Y and Haussler, D and Hermjakob, H and Hokamp, K and Jang, W and Johnson, L S and Jones, T A and Kasif, S and Kaspryzk, A and Kennedy, S and Kent, W J and Kitts, P and Koonin, E V and Korf, I and Kulp, D and Lancet, D and Lowe, T M and McLysaght, A and Mikkelsen, T and Moran, J V and Mulder, N and Pollara, V J and Ponting, C P and Schuler, G and Schultz, J and Slater, G and Smit, A F and Stupka, E and Szustakowki, J and Thierry-Mieg, D and Thierry-Mieg, J and Wagner, L and Wallis, J and Wheeler, R and Williams, A and Wolf, Y I and Wolfe, K H and Yang, S P and Yeh, R F and Collins, F and Guyer, M S and Peterson, J and Felsenfeld, A and Wetterstrand, K A and Patrinos, A and Morgan, M J and de Jong, P and Catanese, J J and Osoegawa, K and Shizuya, H and Choi, S and Chen, Y J and {International Human Genome Sequencing Consortium}},
title = {{Initial sequencing and analysis of the human genome.}},
journal = {Nature},
year = {2001},
volume = {409},
number = {6822},
pages = {860--921},
month = feb
}

@article{Strahl:2000jj,
author = {Strahl, B D and Allis, C D},
title = {{The language of covalent histone modifications.}},
journal = {Nature},
year = {2000},
volume = {403},
number = {6765},
pages = {41--45},
month = jan
}

@article{Kadam:2012im,
author = {Kadam, Shilpa D and Gucek, Marjan and Cole, Robert N and Watkins, Paul A and Comi, Anne M},
title = {{Cell proliferation and oxidative stress pathways are modified in fibroblasts from Sturge?Weber syndrome patients}},
journal = {Archives of Dermatological Research},
year = {2012},
volume = {304},
number = {3},
pages = {229--235},
month = mar
}

@article{Wang:2011bz,
author = {Wang, Thomas J and Larson, Martin G and Vasan, Ramachandran S and Cheng, Susan and Rhee, Eugene P and McCabe, Elizabeth and Lewis, Gregory D and Fox, Caroline S and Jacques, Paul F and Fernandez, C{\'e}line and O'Donnell, Christopher J and Carr, Stephen A and Mootha, Vamsi K and Florez, Jose C and Souza, Amanda and Melander, Olle and Clish, Clary B and Gerszten, Robert E},
title = {{Metabolite profiles and the risk of developing diabetes}},
journal = {Nature medicine},
year = {2011},
volume = {17},
number = {4},
pages = {448--453},
month = apr
}

@article{Croft:2014iq,
author = {Croft, David and Mundo, Antonio Fabregat and Haw, Robin and Milacic, Marija and Weiser, Joel and Wu, Guanming and Caudy, Michael and Garapati, Phani and Gillespie, Marc and Kamdar, Maulik R and Jassal, Bijay and Jupe, Steven and Matthews, Lisa and May, Bruce and Palatnik, Stanislav and Rothfels, Karen and Shamovsky, Veronica and Song, Heeyeon and Williams, Mark and Birney, Ewan and Hermjakob, Henning and Stein, Lincoln and D'Eustachio, Peter},
title = {{The Reactome pathway knowledgebase.}},
journal = {Nucleic Acids Research},
year = {2014},
volume = {42},
number = {Database issue},
pages = {D472--7},
month = jan
}

@article{Caspi:2013je,
author = {Caspi, Ron and Altman, Tomer and Billington, Richard and Dreher, Kate and Foerster, Hartmut and Fulcher, Carol A and Holland, Timothy A and Keseler, Ingrid M and Kothari, Anamika and Kubo, Aya and Krummenacker, Markus and Latendresse, Mario and Mueller, Lukas A and Ong, Quang and Paley, Suzanne and Subhraveti, Pallavi and Weaver, Daniel S and Weerasinghe, Deepika and Zhang, Peifen and Karp, Peter D},
title = {{The MetaCyc database of metabolic pathways and enzymes and the BioCyc collection of Pathway/Genome Databases}},
journal = {Nucleic Acids Research},
year = {2013},
volume = {42},
number = {D1},
pages = {D459--D471},
month = dec
}

@article{Nakato:2017dz,
author = {Nakato, Ryuichiro and Shirahige, Katsuhiko},
title = {{Recent advances in ChIP-seq analysis: from quality management to whole-genome annotation.}},
journal = {Briefings in bioinformatics},
year = {2017},
volume = {18},
number = {2},
pages = {279--290},
month = mar
}

@article{Krueger:2012ks,
author = {Krueger, Felix and Kreck, Benjamin and Franke, Andre and Andrews, Simon R},
title = {{DNA methylome analysis using short bisulfite sequencing data.}},
journal = {Nature Methods},
year = {2012},
volume = {9},
number = {2},
pages = {145--151},
month = jan
}

@article{Quinlan:2010km,
author = {Quinlan, Aaron R and Hall, Ira M},
title = {{BEDTools: a flexible suite of utilities for comparing genomic features.}},
journal = {Bioinformatics },
year = {2010},
volume = {26},
number = {6},
pages = {841--842},
month = mar
}

@article{Figueroa:2010ih,
author = {Figueroa, Maria E and Lugthart, Sanne and Li, Yushan and Erpelinck-Verschueren, Claudia and Deng, Xutao and Christos, Paul J and Schifano, Elizabeth and Booth, James and van Putten, Wim and Skrabanek, Lucy and Campagne, Fabien and Mazumdar, Madhu and Greally, John M and Valk, Peter J M and L{\"o}wenberg, Bob and Delwel, Ruud and Melnick, Ari},
title = {{DNA methylation signatures identify biologically distinct subtypes in acute myeloid leukemia.}},
journal = {Cancer Cell},
year = {2010},
volume = {17},
number = {1},
pages = {13--27},
month = jan
}

@article{Rasmussen:2016iu,
author = {Rasmussen, Kasper Dindler and Helin, Kristian},
title = {{Role of TET enzymes in DNA methylation, development, and cancer.}},
journal = {Genes {\&} Development},
year = {2016},
volume = {30},
pages = {733--750},
month = apr
}

@article{Balasubramanian:2012fh,
author = {Balasubramanian, Shankar and Reik, Wolf and Ficz, Gabriella and Branco, Miguel R and Booth, Michael J and Booth, M J and Branco, M R and Ficz, G and Oxley, D and Oxley, David and Krueger, Felix and Krueger, F and Reik, W and Balasubramanian, S},
title = {{Quantitative Sequencing of 5-Methylcytosine and 5-Hydroxymethylcytosine at Single-Base Resolution}},
journal = {Science},
year = {2012},
volume = {336},
number = {6083},
pages = {934--937},
month = may
}

@article{Zentner:2013cq,
author = {Zentner, Gabriel E and Henikoff, Steven},
title = {{Regulation of nucleosome dynamics by histone modifications}},
journal = {Nature Publishing Group},
year = {2013},
volume = {20},
number = {3},
pages = {259--266},
month = mar
}

@article{Spruijt:2013ep,
author = {Spruijt, Cornelia G and Gnerlich, Felix and Smits, Arne H and Pfaffeneder, Toni and Jansen, Pascal W T C and Bauer, Christina and M{\"u}nzel, Martin and Wagner, Mirko and M{\"u}ller, Markus and Khan, Fariha and Eberl, H Christian and Mensinga, Anneloes and Brinkman, Arie B and Lephikov, Konstantin and M{\"u}ller, Udo and Walter, J{\"o}rn and Boelens, Rolf and van Ingen, Hugo and Leonhardt, Heinrich and Carell, Thomas and Vermeulen, Michiel},
title = {{Dynamic readers for 5-(hydroxy)methylcytosine and its oxidized derivatives.}},
journal = {Cell},
year = {2013},
volume = {152},
number = {5},
pages = {1146--1159},
month = feb
}

@article{Bendinskas:2011ea,
author = {Bendinskas, Kestutis and Sattelberg, Patricia and Crossett, Daniel and Banyikwa, Andrew and Dempsey, Daniel and MacKenzie, James A},
title = {{Enzymatic detection of $\gamma$-hydroxybutyrate using aldo-keto reductase 7A2.}},
journal = {Journal of forensic sciences},
year = {2011},
volume = {56},
number = {3},
pages = {783--787},
month = may
}

@article{Cavalcante:2016cj,
author = {Cavalcante, Raymond G and Patil, Snehal and Weymouth, Terry E and Bendinskas, Kestutis G and Karnovsky, Alla and Sartor, Maureen A},
title = {{ConceptMetab: exploring relationships among metabolite sets to identify links among biomedical concepts.}},
journal = {Bioinformatics },
year = {2016},
volume = {32},
number = {10},
pages = {1536--1543},
month = may
}

@article{Martin:2011eu,
author = {Martin, Marcel},
title = {{Cutadapt removes adapter sequences from high-throughput sequencing reads}},
journal = {EMBnet.journal},
year = {2011},
volume = {17},
number = {1},
pages = {10--12},
month = aug
}

@article{LeTourneau:2008gj,
author = {LeTourneau, Jennifer L and Hagg, Daniel S and Smith, Stephen M},
title = {{Baclofen and Gamma-Hydroxybutyrate Withdrawal}},
journal = {Neurocritical Care},
year = {2008},
volume = {8},
number = {3},
pages = {430--433},
month = feb
}

@article{Song:2011hv,
author = {Song, Chun Xiao and Szulwach, Keith E and Fu, Ye and Dai, Qing and Yi, Chengqi and Li, Xuekun and Li, Yujing and Chen, Chih-Hsin and Zhang, Wen and Jian, Xing and Wang, Jing and Zhang, Li and Looney, Timothy J and Zhang, Baichen and Godley, Lucy A and Hicks, Leslie M and Lahn, Bruce T and Jin, Peng and He, Chuan},
title = {{Selective chemical labeling reveals the genome-wide distribution of 5-hydroxymethylcytosine.}},
journal = {Nature Biotechnology},
year = {2011},
volume = {29},
number = {1},
pages = {68--72},
month = jan
}

@article{Rampal:2014ka,
author = {Rampal, Raajit and Alkalin, Altuna and Madzo, Jozef and Vasanthakumar, Aparna and Pronier, Elodie and Patel, Jay and Li, Yushan and Ahn, Jihae and Abdel-Wahab, Omar and Shih, Alan and Lu, Chao and Ward, Patrick S and Tsai, Jennifer J and Hricik, Todd and Tosello, Valeria and Tallman, Jacob E and Zhao, Xinyang and Daniels, Danette and Dai, Qing and Ciminio, Luisa and Aifantis, Iannis and He, Chuan and Fuks, Francois and Tallman, Martin S and Ferrando, Adolfo and Nimer, Stephen and Paietta, Elisabeth and Thompson, Craig B and Licht, Jonathan D and Mason, Christopher E and Godley, Lucy A and Melnick, Ari and Figueroa, Maria E and Levine, Ross L},
title = {{DNA hydroxymethylation profiling reveals that WT1 mutations result in loss of TET2 function in acute myeloid leukemia.}},
journal = {Cell Reports},
year = {2014},
volume = {9},
number = {5},
pages = {1841--1855},
month = dec
}

@article{Graff:2013ec,
author = {Gr{\"a}ff, Johannes and Tsai, Li-Huei},
title = {{Histone acetylation: molecular mnemonics on the chromatin}},
journal = {Nature Reviews Neuroscience},
year = {2013},
volume = {14},
number = {2},
pages = {97--111},
month = jan
}

@article{Ito:2011bv,
author = {Ito, Shinsuke and Shen, Li and Dai, Qing and Wu, Susan C and Collins, Leonard B and Swenberg, James A and He, Chuan and Zhang, Yi},
title = {{Tet proteins can convert 5-methylcytosine to 5-formylcytosine and 5-carboxylcytosine.}},
journal = {Science},
year = {2011},
volume = {333},
number = {6047},
pages = {1300--1303},
month = sep
}

@article{Lenna:2012cy,
author = {Lenna, Stefania and Trojanowska, Maria},
title = {{The role of endoplasmic reticulum stress and the unfolded protein response in fibrosis}},
journal = {Current Opinion in Rheumatology},
year = {2012},
volume = {24},
number = {6},
pages = {663--668},
month = nov
}

@article{Ross:1999jw,
author = {Ross, Russell},
title = {{Atherosclerosis {\textemdash} An Inflammatory Disease}},
journal = {New England Journal of Medicine},
year = {1999},
volume = {340},
number = {2},
pages = {115--126},
month = oct
}

@article{Hahn:2014fg,
author = {Hahn, Maria A and Szab{\'o}, Piroska E and Pfeifer, Gerd P},
title = {{5-Hydroxymethylcytosine: A stable or transient DNA modification?}},
journal = {Genomics},
year = {2014},
volume = {104},
number = {5},
pages = {314--323},
month = nov
}

@article{Bock:2012kr,
author = {Bock, Christoph},
title = {{Analysing and interpreting DNA methylation data.}},
journal = {Nature Reviews Genetics},
year = {2012},
volume = {13},
number = {10},
pages = {705--719},
month = oct
}

@article{Ross:1993tb,
author = {Ross, R},
title = {{The pathogenesis of atherosclerosis: a perspective for the 1990s.}},
journal = {Nature},
year = {1993},
volume = {362},
number = {6423},
pages = {801--809}
}

@article{Wisloff:2005iy,
author = {Wisloff, U},
title = {{Cardiovascular Risk Factors Emerge After Artificial Selection for Low Aerobic Capacity}},
journal = {Science},
year = {2005},
volume = {307},
number = {5708},
pages = {418--420},
month = jan
}

@article{Tang:2017fz,
author = {Tang, Xing and Srivastava, Arunima and Liu, Huayang and Machiraju, Raghu and Huang, Kun and Leone, Gustavo},
title = {{annoPeak: a web application to annotate and visualize peaks from ChIP-seq/ChIP-exo-seq}},
journal = {Bioinformatics },
year = {2017},
volume = {33},
number = {10},
pages = {1570--1571},
month = feb
}

@article{ENCODEProjectConsortium:2012gc,
author = {{ENCODE Project Consortium}},
title = {{An integrated encyclopedia of DNA elements in the human genome.}},
journal = {Nature},
year = {2012},
volume = {489},
number = {7414},
pages = {57--74},
month = sep
}

@article{Peduzzi:1996cq,
author = {Peduzzi, Peter and Concato, John and Kemper, Elizabeth and Holford, Theodore R and Feinstein, Alvan R},
title = {{A simulation study of the number of events per variable in logistic regression analysis}},
journal = {Journal of Clinical Epidemiology},
year = {1996},
volume = {49},
number = {12},
pages = {1373--1379},
month = dec
}

@article{He:2011hc,
author = {He, Yu-Fei and Li, Bin-Zhong and Li, Zheng and Liu, Peng and Wang, Yang and Tang, Qingyu and Ding, Jianping and Jia, Yingying and Chen, Zhangcheng and Li, Lin and Sun, Yan and Li, Xiuxue and Dai, Qing and Song, Chun Xiao and Zhang, Kangling and He, Chuan and Xu, Guo-Liang},
title = {{Tet-mediated formation of 5-carboxylcytosine and its excision by TDG in mammalian DNA.}},
journal = {Science},
year = {2011},
volume = {333},
number = {6047},
pages = {1303--1307},
month = sep
}

@article{Bhasin:2016bk,
author = {Bhasin, Jeffrey M and Ting, Angela H},
title = {{Goldmine integrates information placing genomic ranges into meaningful biological contexts.}},
journal = {Nucleic Acids Research},
year = {2016},
volume = {44},
number = {12},
pages = {5550--5556},
month = jul
}

@article{Tamayo:2016fp,
author = {Tamayo, Pablo and Steinhardt, George and Liberzon, Arthur and Mesirov, Jill P},
title = {{The limitations of simple gene set enrichment analysis assuming gene independence}},
journal = {Statistical Methods in Medical Research},
year = {2016},
volume = {25},
number = {1},
pages = {472--487},
month = feb
}

@article{Harrow:2012cx,
author = {Harrow, J and Frankish, A and Gonzalez, J M and Tapanari, E and Diekhans, M and Kokocinski, F and Aken, B L and Barrell, D and Zadissa, A and Searle, S and Barnes, I and Bignell, A and Boychenko, V and Hunt, T and Kay, M and Mukherjee, G and Rajan, J and Despacio-Reyes, G and Saunders, G and Steward, C and Harte, R and Lin, M and Howald, C and Tanzer, A and Derrien, T and Chrast, J and Walters, N and Balasubramanian, S and Pei, B and Tress, M and Rodriguez, J M and Ezkurdia, I and van Baren, J and Brent, M and Haussler, D and Kellis, M and Valencia, A and Reymond, A and Gerstein, M and Guigo, R and Hubbard, T J},
title = {{GENCODE: The reference human genome annotation for The ENCODE Project}},
journal = {Genome Research},
year = {2012},
volume = {22},
number = {9},
pages = {1760--1774},
month = sep
}

@article{Karnovsky:2012cf,
author = {Karnovsky, Alla and Weymouth, Terry and Hull, Tim and Tarcea, V Glenn and Scardoni, Giovanni and Laudanna, Carlo and Sartor, Maureen A and Stringer, Kathleen A and Jagadish, H V and Burant, Charles and Athey, Brian and Omenn, Gilbert S},
title = {{Metscape 2 bioinformatics tool for the analysis and visualization of metabolomics and gene expression data.}},
journal = {Bioinformatics },
year = {2012},
volume = {28},
number = {3},
pages = {373--380},
month = feb
}

@article{Wang:2015dc,
author = {Wang, J and Li, R and Kristiansen, K and Rodger, E J and Stockwell, P A and Jones, P A and Morison, I M and Li, W and Gnirke, A and Lister, R and Figueroa, M E and Chatterjee, A and Laird, P W and Li, Y and Gao, Shengjie and Meissner, A and Xi, Y and Bock, C and Zou, Dan and Mao, Likai and Zhou, Quan and Jia, Wenlong and Huang, Yi and Zhao, Shancen and Chen, Gang and Wu, Song and Li, Dongdong and Xia, Fei and Chen, Huafeng and Chen, Maoshan and {\O}rntoft, Torben F and Bolund, Lars and S{\o}rensen, Karina D},
title = {{SMAP: a streamlined methylation analysis pipeline for bisulfite sequencing.}},
journal = {GigaScience},
year = {2015},
volume = {4},
number = {29}
}

@article{Steinhauser:2016ge,
author = {Steinhauser, Sebastian and Kurzawa, Nils and Eils, Roland and Herrmann, Carl},
title = {{A comprehensive comparison of tools for differential ChIP-seq analysis}},
journal = {Briefings in bioinformatics},
year = {2016},
pages = {bbv110--14},
month = jan
}

@article{Pearl:2003dx,
author = {Pearl, P L and Gibson, K M and Acosta, M T and Vezina, L G and Theodore, W H and Rogawski, M A and Novotny, E J and Gropman, A and Conry, J A and Berry, G T and Tuchman, M},
title = {{Clinical spectrum of succinic semialdehyde dehydrogenase deficiency}},
journal = {Neurology},
year = {2003},
volume = {60},
number = {9},
pages = {1413--1417},
month = may
}

@article{Wishart:2011kd,
author = {Wishart, David S},
title = {{Advances in metabolite identification.}},
journal = {Bioanalysis},
year = {2011},
volume = {3},
number = {15},
pages = {1769--1782},
month = aug
}

@article{Thurman:2012fe,
author = {Thurman, Robert E and Rynes, Eric and Humbert, Richard and Vierstra, Jeff and Maurano, Matthew T and Haugen, Eric and Sheffield, Nathan C and Stergachis, Andrew B and Wang, Hao and Vernot, Benjamin and Garg, Kavita and John, Sam and Sandstrom, Richard and Bates, Daniel and Boatman, Lisa and Canfield, Theresa K and Diegel, Morgan and Dunn, Douglas and Ebersol, Abigail K and Frum, Tristan and Giste, Erika and Johnson, Audra K and Johnson, Ericka M and Kutyavin, Tanya and Lajoie, Bryan and Lee, Bum-Kyu and Lee, Kristen and London, Darin and Lotakis, Dimitra and Neph, Shane and Neri, Fidencio and Nguyen, Eric D and Qu, Hongzhu and Reynolds, Alex P and Roach, Vaughn and Safi, Alexias and Sanchez, Minerva E and Sanyal, Amartya and Shafer, Anthony and Simon, Jeremy M and Song, Lingyun and Vong, Shinny and Weaver, Molly and Yan, Yongqi and Zhang, Zhancheng and Zhang, Zhuzhu and Lenhard, Boris and Tewari, Muneesh and Dorschner, Michael O and Hansen, R Scott and Navas, Patrick A and Stamatoyannopoulos, George and Iyer, Vishwanath R and Lieb, Jason D and Sunyaev, Shamil R and Akey, Joshua M and Sabo, Peter J and Kaul, Rajinder and Furey, Terrence S and Dekker, Job and Crawford, Gregory E and Stamatoyannopoulos, John A},
title = {{The accessible chromatin landscape of the human genome}},
journal = {Nature},
year = {2012},
volume = {488},
number = {7414},
pages = {75--82},
month = aug
}

@article{Furey:2012ha,
author = {Furey, Terrence S},
title = {{ChIP{\textendash}seq and beyond: new and improved methodologies to detect and characterize protein{\textendash}DNA interactions}},
journal = {Nature Reviews Genetics},
year = {2012},
volume = {13},
number = {12},
pages = {1--13},
month = oct
}

@article{Wu:2016hq,
author = {Park, Yongseok and Wu, Hao},
title = {{Differential methylation analysis for BS-seq data under general experimental design.}},
journal = {Bioinformatics },
year = {2016},
volume = {32},
number = {10},
pages = {1446--1453},
month = may
}

@article{Skvortsova:2017gl,
author = {Skvortsova, Ksenia and Zotenko, Elena and Luu, Phuc-Loi and Gould, Cathryn M and Nair, Shalima S and Clark, Susan J and Stirzaker, Clare},
title = {{Comprehensive evaluation of genome-wide 5-hydroxymethylcytosine profiling approaches in human DNA}},
journal = {Epigenetics {\&} Chromatin},
year = {2017},
volume = {10},
number = {6},
pages = {1--20},
month = mar
}

@article{LpezIbez:2016bt,
author = {Lopez-Ibanez, Javier and Pazos, Florencio and Chagoyen, Monica},
title = {{MBROLE 2.0: functional enrichment of chemical compounds}},
journal = {Nucleic Acids Research},
year = {2016},
volume = {44},
number = {W1},
pages = {W201--W204},
month = jul
}

@article{Wang:2015be,
author = {Wang, Bin and Cunningham, John M and Yang, Xinan Holly},
title = {{Seq2pathway: an R/Bioconductor package for pathway analysis of next-generation sequencing data.}},
journal = {Bioinformatics },
year = {2015},
volume = {31},
number = {18},
pages = {3043--3045},
month = sep
}

@article{Araki:2012bv,
author = {Araki, Hiromitsu and Knapp, Christoph and Tsai, Peter and Print, Cristin},
title = {{GeneSetDB: A comprehensive meta-database, statistical and visualisation framework for gene set analysis}},
journal = {FEBS Open Bio},
year = {2012},
volume = {2},
number = {1},
pages = {76--82},
month = apr
}

@article{Greer:2012ky,
author = {Greer, Eric L and Shi, Yang},
title = {{Histone methylation: a dynamic mark in health, disease and inheritance}},
year = {2012},
pages = {1--15},
month = apr
}

@article{Cavalcante:2017gc,
author = {Cavalcante, Raymond G and Sartor, Maureen A},
title = {{annotatr: Genomic regions in context.}},
journal = {Bioinformatics },
year = {2017},
month = mar
}

@article{Yap:2010cv,
author = {Yap, Ivan K S and Brown, Ian J and Chan, Queenie and Wijeyesekera, Anisha and Garcia-Perez, Isabel and Bictash, Magda and Loo, Ruey Leng and Chadeau-Hyam, Marc and Ebbels, Timothy and Iorio, Maria De and Maibaum, Elaine and Zhao, Liancheng and Kesteloot, Hugo and Daviglus, Martha L and Stamler, Jeremiah and Nicholson, Jeremy K and Elliott, Paul and Holmes, Elaine},
title = {{Metabolome-Wide Association Study Identifies Multiple Biomarkers that Discriminate North and South Chinese Populations at Differing Risks of Cardiovascular Disease: INTERMAP Study}},
journal = {Journal of Proteome Research},
year = {2010},
volume = {9},
number = {12},
pages = {6647--6654},
month = dec
}

@article{Dong:2012di,
author = {Dong, Xianjun and Greven, Melissa C and Kundaje, Anshul and Djebali, Sarah and Brown, James B and Cheng, Chao and Gingeras, Thomas R and Gerstein, Mark and Guig{\'o}, Roderic and Birney, Ewan and Weng, Zhiping},
title = {{Modeling gene expression using chromatin features in various cellular contexts.}},
journal = {Genome Biology},
year = {2012},
volume = {13},
number = {9},
pages = {R53},
month = jun
}

@article{Luger:2012gc,
author = {Luger, Karolin and Dechassa, Mekonnen L and Tremethick, David J},
title = {{New insights into nucleosome and chromatin structure: an ordered state or a disordered affair?}},
journal = {Nature Reviews Molecular Cell Biology},
year = {2012},
volume = {13},
number = {7},
pages = {436--447},
month = jun
}

@article{Sheffield:2016bj,
author = {Sheffield, Nathan C and Bock, Christoph},
title = {{LOLA: enrichment analysis for genomic region sets and regulatory elements in R and Bioconductor.}},
journal = {Bioinformatics },
year = {2016},
volume = {32},
number = {4},
pages = {587--589},
month = feb
}

@article{Kimura:2013fs,
author = {Kimura, Hiroshi},
title = {{Histone modifications for human epigenome analysis}},
journal = {Journal of Human Genetics},
year = {2013},
volume = {58},
number = {7},
pages = {439--445},
month = jun
}

@article{Valouev:2008ev,
author = {Valouev, Anton and Johnson, David S and Sundquist, Andreas and Medina, Catherine and Anton, Elizabeth and Batzoglou, Serafim and Myers, Richard M and Sidow, Arend},
title = {{Genome-wide analysis of transcription factor binding sites based on ChIP-Seq data}},
journal = {Nature Methods},
year = {2008},
volume = {5},
number = {9},
pages = {829--834},
month = aug
}

@article{Otlu:2017hx,
author = {Otlu, Bur{\c c}ak and Firtina, Can and Keles, S{\"u}nd{\"u}z and Tastan, Oznur},
title = {{GLANET: Genomic Loci ANnotation and Enrichment Tool.}},
journal = {Bioinformatics },
year = {2017},
month = may
}

@article{Untitled:i2T9AJnA,
title = {{Trim Galore!}}
}

@article{Smith:2013cd,
author = {Smith, Zachary D and Meissner, Alexander},
title = {{DNA methylation: roles in mammalian development.}},
journal = {Nature Reviews Genetics},
year = {2013},
volume = {14},
number = {3},
pages = {204--220},
month = mar
}

@article{Li:2011gg,
author = {Li, Qunhua and Brown, James B and Huang, Haiyan and Bickel, Peter J},
title = {{Measuring reproducibility of high-throughput experiments}},
journal = {The Annals of Applied Statistics},
year = {2011},
volume = {5},
number = {3},
pages = {1752--1779},
month = sep
}

@article{Xia:2012fs,
author = {Xia, J and Mandal, R and Sinelnikov, I V and Broadhurst, D and Wishart, D S},
title = {{MetaboAnalyst 2.0--a comprehensive server for metabolomic data analysis}},
journal = {Nucleic Acids Research},
year = {2012},
volume = {40},
number = {W1},
pages = {W127--W133},
month = jun
}

@article{Lun:2016jv,
author = {Lun, Aaron T L and Smyth, Gordon K},
title = {{csaw: a Bioconductor package for differential binding analysis of ChIP-seq data using sliding windows.}},
journal = {Nucleic Acids Research},
year = {2016},
volume = {44},
number = {5},
pages = {e45--e45},
month = mar
}

@article{Lanza:2010jr,
author = {Lanza, Ian R and Zhang, Shucha and Ward, Lawrence E and Karakelides, Helen and Raftery, Daniel and Nair, K Sreekumaran},
title = {{Quantitative metabolomics by H-NMR and LC-MS/MS confirms altered metabolic pathways in diabetes.}},
journal = {PLoS ONE},
year = {2010},
volume = {5},
number = {5},
pages = {e10538},
month = may
}

@article{Jones:2001eg,
author = {Jones, P A and Takai, D},
title = {{The role of DNA methylation in mammalian epigenetics.}},
journal = {Science},
year = {2001},
volume = {293},
number = {5532},
pages = {1068--1070},
month = aug
}

@article{Mamelak:1986du,
author = {Mamelak, Mortimer and Scharf, Martin B and Woods, Marcia},
title = {{Treatment of Narcolepsy with $\gamma$-Hydroxybutyrate. A Review of Clinical and Sleep Laboratory Findings}},
journal = {Sleep},
year = {1986},
volume = {9},
number = {1},
pages = {285--289},
month = mar
}

@article{Xu:2014eh,
author = {Xu, Shiliyang and Grullon, Sean and Ge, Kai and Peng, Weiqun},
title = {{Spatial clustering for identification of ChIP-enriched regions (SICER) to map regions of histone methylation patterns in embryonic stem cells.}},
journal = {Methods in molecular biology (Clifton, N.J.)},
year = {2014},
volume = {1150},
number = {Chapter 5},
pages = {97--111}
}

@article{Ernst:2012ii,
author = {Ernst, Jason and Kellis, Manolis},
title = {{ChromHMM: automating chromatin-state discovery and characterization.}},
journal = {Nature Methods},
year = {2012},
volume = {9},
number = {3},
pages = {215--216},
month = feb
}

@article{Wen:2014bt,
author = {Wen, Lu and Li, Xianlong and Yan, Liying and Tan, Yuexi and Li, Rong and Zhao, Yangyu and Wang, Yan and Xie, Jingcheng and Zhang, Yan and Song, Chunxiao and Yu, Miao and Liu, Xiaomeng and Zhu, Ping and Li, Xiaoyu and Hou, Yu and Guo, Hongshan and Wu, Xinglong and He, Chuan and Li, Ruiqiang and Tang, Fuchou and Qiao, Jie},
title = {{Whole-genome analysis of 5-hydroxymethylcytosine and 5-methylcytosine at base resolution in the human brain.}},
journal = {Genome Biology},
year = {2014},
volume = {15},
number = {3},
pages = {R49},
month = mar
}

@article{Afgan:2016il,
author = {Afgan, Enis and Baker, Dannon and van den Beek, Marius and Blankenberg, Daniel and Bouvier, Dave and {\v C}ech, Martin and Chilton, John and Clements, Dave and Coraor, Nate and Eberhard, Carl and Gr{\"u}ning, Bj{\"o}rn and Guerler, Aysam and Hillman-Jackson, Jennifer and Von Kuster, Greg and Rasche, Eric and Soranzo, Nicola and Turaga, Nitesh and Taylor, James and Nekrutenko, Anton and Goecks, Jeremy},
title = {{The Galaxy platform for accessible, reproducible and collaborative biomedical analyses: 2016 update.}},
journal = {Nucleic Acids Research},
year = {2016},
volume = {44},
number = {W1},
pages = {W3--W10},
month = jul
}

@article{Harris:2004kt,
author = {Harris, M A and Clark, J and Ireland, A and Lomax, J and Ashburner, M and Foulger, R and Eilbeck, K and Lewis, S and Marshall, B and Mungall, C and Richter, J and Rubin, G M and Blake, J A and Bult, C and Dolan, M and Drabkin, H and Eppig, J T and Hill, D P and Ni, L and Ringwald, M and Balakrishnan, R and Cherry, J M and Christie, K R and Costanzo, M C and Dwight, S S and Engel, S and Fisk, D G and Hirschman, J E and Hong, E L and Nash, R S and Sethuraman, A and Theesfeld, C L and Botstein, D and Dolinski, K and Feierbach, B and Berardini, T and Mundodi, S and Rhee, S Y and Apweiler, R and Barrell, D and Camon, E and Dimmer, E and Lee, V and Chisholm, R and Gaudet, P and Kibbe, W and Kishore, R and Schwarz, E M and Sternberg, P and Gwinn, M and Hannick, L and Wortman, J and Berriman, M and Wood, V and de la Cruz, N and Tonellato, P and Jaiswal, P and Seigfried, T and White, R and {Gene Ontology Consortium}},
title = {{The Gene Ontology (GO) database and informatics resource.}},
journal = {Nucleic Acids Research},
year = {2004},
volume = {32},
number = {Database issue},
pages = {D258--61},
month = jan
}

@article{Pearl:2014ct,
author = {Pearl, P L and Schreiber, J and Theodore, W H and McCarter, R and Barrios, E S and Yu, J and Wiggs, E and He, J and Gibson, K M},
title = {{Taurine trial in succinic semialdehyde dehydrogenase deficiency and elevated CNS GABA}},
journal = {Neurology},
year = {2014},
volume = {82},
number = {11},
pages = {940--944},
month = mar
}

@article{Plongthongkum:2014jg,
author = {Plongthongkum, Nongluk and Diep, Dinh H and Zhang, Kun},
title = {{Advances in the profiling of DNA modifications: cytosine methylation and beyond.}},
journal = {Nature Reviews Genetics},
year = {2014},
volume = {15},
number = {10},
pages = {647--661},
month = oct
}

@article{Assenov:2014kq,
author = {Assenov, Yassen and M{\"u}ller, Fabian and Lutsik, Pavlo and Walter, J{\"o}rn and Lengauer, Thomas and Bock, Christoph},
title = {{Comprehensive analysis of DNA methylation data with RnBeads.}},
journal = {Nature Methods},
year = {2014},
volume = {11},
number = {11},
pages = {1138--1140},
month = nov
}

@article{Li:1993wp,
author = {Li, En and Beard, Caroline and Jaenisch, Rudolf},
title = {{Role for DNA methylation in genomic imprinting}},
journal = {Nature},
year = {1993},
volume = {366},
number = {6435},
pages = {362--365}
}

@article{Krueger:2011eb,
author = {Krueger, Felix and Andrews, Simon R},
title = {{Bismark: a flexible aligner and methylation caller for Bisulfite-Seq applications.}},
journal = {Bioinformatics },
year = {2011},
volume = {27},
number = {11},
pages = {1571--1572},
month = jun
}

@article{Booth:2013gw,
author = {Booth, Michael J and Ost, Tobias W B and Beraldi, Dario and Bell, Neil M and Branco, Miguel R and Reik, Wolf and Balasubramanian, Shankar},
title = {{Oxidative bisulfite sequencing of 5-methylcytosine and 5-hydroxymethylcytosine.}},
journal = {Nature Protocols},
year = {2013},
volume = {8},
number = {10},
pages = {1841--1851},
month = oct
}

@article{Park:2014ho,
author = {Park, Yongseok and Figueroa, Maria E and Rozek, Laura S and Sartor, Maureen A},
title = {{MethylSig: a whole genome DNA methylation analysis pipeline.}},
journal = {Bioinformatics },
year = {2014},
volume = {30},
number = {17},
pages = {2414--2422},
month = sep
}

@article{Sartor:2008by,
author = {Sartor, Maureen A and Leikauf, George D and Medvedovic, Mario},
title = {{LRpath: a logistic regression approach for identifying enriched biological groups in gene expression data}},
journal = {Bioinformatics },
year = {2008},
volume = {25},
number = {2},
pages = {211--217},
month = nov
}

@article{Globisch:2010fv,
author = {Globisch, Daniel and M{\"u}nzel, Martin and M{\"u}ller, Markus and Michalakis, Stylianos and Wagner, Mirko and Koch, Susanne and Br{\"u}ckl, Tobias and Biel, Martin and Carell, Thomas},
title = {{Tissue distribution of 5-hydroxymethylcytosine and search for active demethylation intermediates.}},
journal = {PLoS ONE},
year = {2010},
volume = {5},
number = {12},
pages = {e15367--9},
month = dec
}

@article{Olins:2003kh,
author = {Olins, Donald E and Olins, Ada L},
title = {{Chromatin history: our view from the bridge.}},
journal = {Nature Reviews Molecular Cell Biology},
year = {2003},
volume = {4},
number = {10},
pages = {809--814},
month = oct
}

@article{Draghici:2003uj,
author = {Draghici, Sorin and Khatri, Purvesh and Martins, Rui P and Ostermeier, G Charles and Krawetz, Stephen A},
title = {{Global functional profiling of gene expression.}},
journal = {Genomics},
year = {2003},
volume = {81},
number = {2},
pages = {98--104},
month = feb
}

@article{Lawrence:2013hi,
author = {Lawrence, Michael and Huber, Wolfgang and Pag{\`e}s, Herv{\'e} and Aboyoun, Patrick and Carlson, Marc and Gentleman, Robert and Morgan, Martin T and Carey, Vincent J},
title = {{Software for computing and annotating genomic ranges.}},
journal = {PLoS computational biology},
year = {2013},
volume = {9},
number = {8},
pages = {e1003118}
}

@article{Chi:2010bd,
author = {Chi, Ping and Allis, C David and Wang, Gang Greg},
title = {{Covalent histone modifications--miswritten, misinterpreted and mis-erased in human cancers.}},
journal = {Nature reviews. Cancer},
year = {2010},
volume = {10},
number = {7},
pages = {457--469},
month = jul
}

@article{Huang:2009gka,
author = {Huang, Da Wei and Sherman, Brad T and Lempicki, Richard A},
title = {{Systematic and integrative analysis of large gene lists using DAVID bioinformatics resources.}},
journal = {Nature Protocols},
year = {2009},
volume = {4},
number = {1},
pages = {44--57}
}

@article{PerezLlamas:2011ju,
author = {Perez-Llamas, Christian and Lopez-Bigas, Nuria},
title = {{Gitools: Analysis and Visualisation of Genomic Data Using Interactive Heat-Maps}},
journal = {PLoS ONE},
year = {2011},
volume = {6},
number = {5},
pages = {e19541},
month = may
}

@article{Xia:2010fv,
author = {Xia, J and Wishart, D S},
title = {{MSEA: a web-based tool to identify biologically meaningful patterns in quantitative metabolomic data}},
journal = {Nucleic Acids Research},
year = {2010},
volume = {38},
number = {Web Server},
pages = {W71--W77},
month = jun
}

@article{Zang:2009ht,
author = {Zang, Chongzhi and Schones, Dustin E and Zeng, Chen and Cui, Kairong and Zhao, Keji and Peng, Weiqun},
title = {{A clustering approach for identification of enriched domains from histone modification ChIP-Seq data}},
journal = {Bioinformatics },
year = {2009},
volume = {25},
number = {15},
pages = {1952--1958},
month = jun
}

@article{Bachman:2014dl,
author = {Bachman, Martin and Uribe-Lewis, Santiago and Yang, Xiaoping and Williams, Michael and Murrell, Adele and Balasubramanian, Shankar},
title = {{5-Hydroxymethylcytosine is a predominantly stable DNA modification.}},
journal = {Nature Chemistry},
year = {2014},
volume = {6},
number = {12},
pages = {1049--1055},
month = dec
}

@article{Zhang:2017va,
author = {Zhang, Yun and Topham, David J and Thakar, Juilee and Qiu, Xing},
title = {{FUNNEL-GSEA: FUNctioNal ELastic-net regression in time-course gene set enrichment analysis}},
journal = {Bioinformatics },
year = {2017},
volume = {33},
number = {13},
pages = {1944--1952},
month = jul
}

@article{Cavalcante:2014dr,
author = {Cavalcante, Raymond G and Lee, Chee and Welch, Ryan P and Patil, Snehal and Weymouth, Terry and Scott, Laura J and Sartor, Maureen A},
title = {{Broad-Enrich: functional interpretation of large sets of broad genomic regions.}},
journal = {Bioinformatics },
year = {2014},
volume = {30},
number = {17},
pages = {i393--400},
month = sep
}

@article{Tahiliani:2009kl,
author = {Tahiliani, Mamta and Koh, Kian Peng and Shen, Yinghua and Pastor, William A and Bandukwala, Hozefa and Brudno, Yevgeny and Agarwal, Suneet and Iyer, Lakshminarayan M and Liu, David R and Aravind, L and Rao, Anjana},
title = {{Conversion of 5-methylcytosine to 5-hydroxymethylcytosine in mammalian DNA by MLL partner TET1.}},
journal = {Science},
year = {2009},
volume = {324},
number = {5929},
pages = {930--935},
month = may
}

@article{Kim:2012bk,
author = {Kim, Jung H and Karnovsky, Alla and Mahavisno, Vasudeva and Weymouth, Terry and Pande, Manjusha and Dolinoy, Dana C and Rozek, Laura S and Sartor, Maureen A},
title = {{LRpath analysis reveals common pathways dysregulated via DNA methylation across cancer types}},
journal = {BMC Genomics},
year = {2012},
volume = {13},
number = {526}
}

@article{Gardarin:2010gs,
author = {Gardarin, Aur{\'e}lie and Ch{\'e}din, St{\'e}phane and Lagniel, Gilles and Aude, Jean-Christophe and Godat, Emmanuel and Catty, Patrice and Labarre, Jean},
title = {{Endoplasmic reticulum is a major target of cadmium toxicity in yeast.}},
journal = {Molecular microbiology},
year = {2010},
volume = {76},
number = {4},
pages = {1034--1048},
month = may
}

@article{RuizHernandez:2015em,
author = {Ruiz-Hernandez, Adrian and Kuo, Chin-Chi and Rentero-Garrido, Pilar and Tang, Wan-Yee and Redon, Josep and Ordovas, Jose M and Navas-Acien, Ana and Tellez-Plaza, Maria},
title = {{Environmental chemicals and DNA methylation in adults: a systematic review of the epidemiologic evidence.}},
journal = {Clinical Epigenetics},
year = {2015},
volume = {7},
number = {55}
}

@article{Thiele:2013jd,
author = {Thiele, Ines and Swainston, Neil and Fleming, Ronan M T and Hoppe, Andreas and Sahoo, Swagatika and Aurich, Maike K and Haraldsdottir, Hulda and Mo, Monica L and Rolfsson, Ottar and Stobbe, Miranda D and Thorleifsson, Stefan G and Agren, Rasmus and B{\"o}lling, Christian and Bordel, Sergio and Chavali, Arvind K and Dobson, Paul and Dunn, Warwick B and Endler, Lukas and Hala, David and Hucka, Michael and Hull, Duncan and Jameson, Daniel and Jamshidi, Neema and Jonsson, Jon J and Juty, Nick and Keating, Sarah and Nookaew, Intawat and Le Nov{\`e}re, Nicolas and Malys, Naglis and Mazein, Alexander and Papin, Jason A and Price, Nathan D and Selkov Sr, Evgeni and Sigurdsson, Martin I and Simeonidis, Evangelos and Sonnenschein, Nikolaus and Smallbone, Kieran and Sorokin, Anatoly and van Beek, Johannes H G M and Weichart, Dieter and Goryanin, Igor and Nielsen, Jens and Westerhoff, Hans V and Kell, Douglas B and Mendes, Pedro and Palsson, Bernhard {\O}},
title = {{A community-driven global reconstruction of human metabolism}},
journal = {Nature Biotechnology},
year = {2013},
volume = {31},
number = {5},
pages = {419--425},
month = may
}

@article{Sreekumar:2009bk,
author = {Sreekumar, Arun and Poisson, Laila M and Rajendiran, Thekkelnaycke M and Khan, Amjad P and Cao, Qi and Yu, Jindan and Laxman, Bharathi and Mehra, Rohit and Lonigro, Robert J and Li, Yong and Nyati, Mukesh K and Ahsan, Aarif and Kalyana-Sundaram, Shanker and Han, Bo and Cao, Xuhong and Byun, Jaeman and Omenn, Gilbert S and Ghosh, Debashis and Pennathur, Subramaniam and Alexander, Danny C and Berger, Alvin and Shuster, Jeffrey R and Wei, John T and Varambally, Sooryanarayana and Beecher, Christopher and Chinnaiyan, Arul M},
title = {{Metabolomic profiles delineate potential role for sarcosine in prostate cancer progression}},
journal = {Nature},
year = {2009},
volume = {457},
number = {7231},
pages = {910--914},
month = feb
}

@article{Mi:2013jj,
author = {Mi, Huaiyu and Muruganujan, Anushya and Thomas, Paul D},
title = {{PANTHER in 2013: modeling the evolution of gene function, and other gene attributes, in the context of phylogenetic trees.}},
journal = {Nucleic Acids Research},
year = {2013},
volume = {41},
number = {Database issue},
pages = {D377--86},
month = jan
}

@article{Kriaucionis:2009bm,
author = {Kriaucionis, Skirmantas and Heintz, Nathaniel},
title = {{The nuclear DNA base 5-hydroxymethylcytosine is present in Purkinje neurons and the brain.}},
journal = {Science},
year = {2009},
volume = {324},
number = {5929},
pages = {929--930},
month = may
}

@article{Sartor:2012eb,
author = {Sartor, Maureen A and Ade, Alex and Wright, Zach and States, David and Omenn, Gilbert S and Athey, Brian and Karnovsky, Alla},
title = {{Metab2MeSH: annotating compounds with medical subject headings}},
journal = {Bioinformatics },
year = {2012},
volume = {28},
number = {10},
pages = {1408--1410},
month = may
}

@article{Wishart:2012wa,
author = {Wishart, D S and Jewison, T and Guo, A C and Wilson, M},
title = {{HMDB 3.0{\textemdash}the human metabolome database in 2013}},
journal = {Nucleic acids {\ldots}},
year = {2012}
}

@article{Taher:2009ko,
author = {Taher, Leila and Ovcharenko, Ivan},
title = {{Variable locus length in the human genome leads to ascertainment bias in functional inference for non-coding elements.}},
journal = {Bioinformatics },
year = {2009},
volume = {25},
number = {5},
pages = {578--584},
month = mar
}

@article{Kaelin:2013kp,
author = {Kaelin, William G and McKnight, Steven L},
title = {{Influence of metabolism on epigenetics and disease.}},
journal = {Cell},
year = {2013},
volume = {153},
number = {1},
pages = {56--69},
month = mar
}

@article{Benjamini:1995cd,
author = {Benjamini, Y and Hochberg, Y},
title = {{Controlling the false discovery rate: a practical and powerful approach to multiple testing}},
journal = {Journal of the Royal Statistical Society Series B},
year = {1995},
volume = {57},
number = {1},
pages = {289--300}
}

@article{Addolorato:2000wz,
author = {Addolorato, G and Caputo, F and Capristo, E and Colombo, G and Gessa, G L and Gasbarrini, G},
title = {{Ability of baclofen in reducing alcohol craving and intake: II--Preliminary clinical evidence.}},
journal = {Alcoholism, clinical and experimental research},
year = {2000},
volume = {24},
number = {1},
pages = {67--71},
month = jan
}

@article{Greco:2016bc,
author = {Greco, Carolina M and Kunderfranco, Paolo and Rubino, Marcello and Larcher, Veronica and Carullo, Pierluigi and Anselmo, Achille and Kurz, Kerstin and Carell, Thomas and Angius, Andrea and Latronico, Michael V G and Papait, Roberto and Condorelli, Gianluigi},
title = {{DNA hydroxymethylation controls cardiomyocyte gene expression in development and hypertrophy.}},
journal = {Nature Communications},
year = {2016},
volume = {7},
number = {12418},
month = aug
}

@article{Yu:2012ej,
author = {Yu, Miao and Hon, Gary C and Szulwach, Keith E and Song, Chun Xiao and Zhang, Liang and Kim, Audrey and Li, Xuekun and Dai, Qing and Shen, Yin and Park, Beomseok and Min, Jung Hyun and Jin, Peng and Ren, Bing and He, Chuan},
title = {{Base-resolution analysis of 5-hydroxymethylcytosine in the mammalian genome.}},
journal = {Cell},
year = {2012},
volume = {149},
number = {6},
pages = {1368--1380},
month = jun
}

@article{Welch:2014fb,
author = {Welch, Ryan P and Lee, Chee and Imbriano, Paul M and Patil, Snehal and Weymouth, Terry E and Smith, R Alex and Scott, Laura J and Sartor, Maureen A},
title = {{ChIP-Enrich: gene set enrichment testing for ChIP-seq data}},
journal = {Nucleic Acids Research},
year = {2014},
volume = {42},
number = {13},
pages = {e105--e105},
month = jul
}

@article{Down:2008ce,
author = {Down, Thomas a and Rakyan, Vardhman K and Turner, Daniel J and Flicek, Paul and Li, Heng and Kulesha, Eugene and Gr{\"a}f, Stefan and Johnson, Nathan and Herrero, Javier and Tomazou, Eleni M and Thorne, Natalie P and B{\"a}ckdahl, Liselotte and Herberth, Marlis and Howe, Kevin L and Jackson, David K and Miretti, Marcos M and Marioni, John C and Birney, Ewan and Hubbard, Tim J P and Durbin, Richard and Tavar{\'e}, Simon and Beck, Stephan},
title = {{A Bayesian deconvolution strategy for immunoprecipitation-based DNA methylome analysis.}},
journal = {Nature Biotechnology},
year = {2008},
volume = {26},
number = {7},
pages = {779--785},
month = jul
}

@article{Patti:2012ek,
author = {Patti, Gary J and Yanes, Oscar and Siuzdak, Gary},
title = {{Innovation: Metabolomics: the apogee of the omics trilogy}},
journal = {Nature Reviews Molecular Cell Biology},
year = {2012},
volume = {13},
number = {4},
pages = {263--269},
month = mar
}

@article{Tahiliani:2009kl,
author = {Tahiliani, Mamta and Koh, Kian Peng and Shen, Yinghua and Pastor, William A and Bandukwala, Hozefa and Brudno, Yevgeny and Agarwal, Suneet and Iyer, Lakshminarayan M and Liu, David R and Aravind, L and Rao, Anjana},
title = {{Conversion of 5-methylcytosine to 5-hydroxymethylcytosine in mammalian DNA by MLL partner TET1.}},
journal = {Science},
year = {2009},
volume = {324},
number = {5929},
pages = {930--935},
month = may
}

@article{Pekowska:2010hk,
author = {Pekowska, A and Benoukraf, T and Ferrier, P and Spicuglia, S},
title = {{A unique H3K4me2 profile marks tissue-specific gene regulation}},
journal = {Genome Research},
year = {2010},
volume = {20},
number = {11},
pages = {1493--1502},
month = nov
}

@article{Bartova:2008ey,
author = {B{\'a}rtov{\'a}, Eva and Krej{\v c}{\'\i}, Jana and Harni{\v c}arov{\'a}, Andrea and Galiov{\'a}, Gabriela and Kozubek, Stanislav},
title = {{Histone Modifications and Nuclear Architecture: A Review}},
journal = {Journal of Histochemistry {\&} Cytochemistry},
year = {2008},
volume = {56},
number = {8},
pages = {711--721},
month = apr
}

@article{Andersson:2014bn,
author = {Andersson, Robin and Gebhard, Claudia and Miguel-Escalada, Irene and Hoof, Ilka and Bornholdt, Jette and Boyd, Mette and Chen, Yun and Zhao, Xiaobei and Schmidl, Christian and Suzuki, Takahiro and Ntini, Evgenia and Arner, Erik and Valen, Eivind and Li, Kang and Schwarzfischer, Lucia and Glatz, Dagmar and Raithel, Johanna and Lilje, Berit and Rapin, Nicolas and Bagger, Frederik Otzen and J{\o}rgensen, Mette and Andersen, Peter Refsing and Bertin, Nicolas and Rackham, Owen and Burroughs, a Maxwell and Baillie, J Kenneth and Ishizu, Yuri and Shimizu, Yuri and Furuhata, Erina and Maeda, Shiori and Negishi, Yutaka and Mungall, Christopher J and Meehan, Terrence F and Lassmann, Timo and Itoh, Masayoshi and Kawaji, Hideya and Kondo, Naoto and Kawai, Jun and Lennartsson, Andreas and Daub, Carsten O and Heutink, Peter and Hume, David a and Jensen, Torben Heick and Suzuki, Harukazu and Hayashizaki, Yoshihide and M{\"u}ller, Ferenc and {FANTOM Consortium} and Forrest, Alistair R R and Carninci, Piero and Rehli, Michael and Sandelin, Albin},
title = {{An atlas of active enhancers across human cell types and tissues.}},
journal = {Nature},
year = {2014},
volume = {507},
number = {7493},
pages = {455--461},
month = mar
}

@article{Sen:2008gx,
author = {Sen, G L and Webster, D E and Barragan, D I and Chang, H Y and Khavari, P A},
title = {{Control of differentiation in a self-renewing mammalian tissue by the histone demethylase JMJD3}},
journal = {Genes {\&} Development},
year = {2008},
volume = {22},
number = {14},
pages = {1865--1870},
month = jul
}

@article{Weichselbaum:2017ty,
author = {Weichselbaum, David and Zagrovic, Bojan and Polyansky, Anton A},
title = {{Fuento: functional enrichment for bioinformatics}},
journal = {Bioinformatics },
year = {2017},
month = mar
}

@article{Bernstein:2006ip,
author = {Bernstein, Bradley E and Mikkelsen, Tarjei S and Xie, Xiaohui and Kamal, Michael and Huebert, Dana J and Cuff, James and Fry, Ben and Meissner, Alex and Wernig, Marius and Plath, Kathrin and Jaenisch, Rudolf and Wagschal, Alexandre and Feil, Robert and Schreiber, Stuart L and Lander, Eric S},
title = {{A Bivalent Chromatin Structure Marks Key Developmental Genes in Embryonic Stem Cells}},
journal = {Cell},
year = {2006},
volume = {125},
number = {2},
pages = {315--326},
month = apr
}

@article{Lawrence:2016fp,
author = {Lawrence, Moyra and Daujat, Sylvain and Schneider, Robert},
title = {{Lateral Thinking: How Histone Modifications Regulate Gene Expression}},
journal = {Trends in Genetics},
year = {2016},
volume = {32},
number = {1},
pages = {42--56},
month = jan
}

@article{Wang:2009cf,
author = {Wang, Yanli and Xiao, Jewen and Suzek, Tugba O and Zhang, Jian and Wang, Jiyao and Bryant, Stephen H},
title = {{PubChem: a public information system for analyzing bioactivities of small molecules}},
journal = {Nucleic Acids Research},
year = {2009},
volume = {37},
number = {suppl_2},
pages = {W623--W633},
month = jul
}

@article{Cuvier:2017br,
author = {Cuvier, Olivier and Fierz, Beat},
title = {{Dynamic chromatin technologies: from individual molecules to epigenomic regulation in cells}},
journal = {Nature Reviews Genetics},
year = {2017},
pages = {1--16},
month = may
}

@article{Urayama:2010du,
author = {Urayama, Shiro and Zou, Wei and Brooks, Kindra and Tolstikov, Vladimir},
title = {{Comprehensive mass spectrometry based metabolic profiling of blood plasma reveals potent discriminatory classifiers of pancreatic cancer}},
journal = {Rapid Communications in Mass Spectrometry},
year = {2010},
volume = {24},
number = {5},
pages = {613--620},
month = mar
}

@article{Branco:2011gg,
author = {Branco, Miguel R and Ficz, Gabriella and Reik, Wolf},
title = {{Uncovering the role of 5-hydroxymethylcytosine in the epigenome.}},
journal = {Nature Reviews Genetics},
year = {2011},
volume = {13},
number = {1},
pages = {7--13},
month = nov
}

@article{Figueroa:2010ch,
author = {Figueroa, Maria E and Abdel-Wahab, Omar and Lu, Chao and Ward, Patrick S and Patel, Jay and Shih, Alan and Li, Yushan and Bhagwat, Neha and Vasanthakumar, Aparna and Fernandez, Hugo F and Tallman, Martin S and Sun, Zhuoxin and Wolniak, Kristy and Peeters, Justine K and Liu, Wei and Choe, Sung E and Fantin, Valeria R and Paietta, Elisabeth and L{\"o}wenberg, Bob and Licht, Jonathan D and Godley, Lucy A and Delwel, Ruud and Valk, Peter J M and Thompson, Craig B and Levine, Ross L and Melnick, Ari},
title = {{Leukemic IDH1 and IDH2 mutations result in a hypermethylation phenotype, disrupt TET2 function, and impair hematopoietic differentiation.}},
journal = {Cancer Cell},
year = {2010},
volume = {18},
number = {6},
pages = {553--567},
month = dec
}

@article{Akalin:2015jv,
author = {Akalin, Altuna and Franke, Vedran and Vlahovi{\v c}ek, Kristian and Mason, Christopher E and Sch{\"u}beler, Dirk},
title = {{Genomation: a toolkit to summarize, annotate and visualize genomic intervals.}},
journal = {Bioinformatics },
year = {2015},
volume = {31},
number = {7},
pages = {1127--1129},
month = apr
}

@article{Punta:2012ko,
author = {Punta, Marco and Coggill, Penny C and Eberhardt, Ruth Y and Mistry, Jaina and Tate, John and Boursnell, Chris and Pang, Ningze and Forslund, Kristoffer and Ceric, Goran and Clements, Jody and Heger, Andreas and Holm, Liisa and Sonnhammer, Erik L L and Eddy, Sean R and Bateman, Alex and Finn, Robert D},
title = {{The Pfam protein families database.}},
journal = {Nucleic Acids Research},
year = {2012},
volume = {40},
number = {Database issue},
pages = {D290--301},
month = jan
}

@article{Gahlinger:2004ud,
author = {Gahlinger, Paul M},
title = {{Club drugs: MDMA, gamma-hydroxybutyrate (GHB), Rohypnol, and ketamine.}},
journal = {American family physician},
year = {2004},
volume = {69},
number = {11},
pages = {2619--2626},
month = jun
}

@article{Nishimura:2001hd,
author = {Nishimura, Darryl},
title = {{BioCarta}},
journal = {Biotech Software {\&} Internet Report},
year = {2001},
volume = {2},
number = {3},
pages = {117--120},
month = jun
}

@article{Blow:2010bu,
author = {Blow, Matthew J and McCulley, David J and Li, Zirong and Zhang, Tao and Akiyama, Jennifer A and Holt, Amy and Plajzer-Frick, Ingrid and Shoukry, Malak and Wright, Crystal and Chen, Feng and Afzal, Veena and Bristow, James and Ren, Bing and Black, Brian L and Rubin, Edward M and Visel, Axel and Pennacchio, Len A},
title = {{ChIP-Seq identification of weakly conserved heart enhancers.}},
journal = {Nature genetics},
year = {2010},
volume = {42},
number = {9},
pages = {806--810},
month = sep
}

@article{Subramanian:2005jt,
author = {Subramanian, Aravind and Tamayo, Pablo and Mootha, Vamsi K and Mukherjee, Sayan and Ebert, Benjamin L and Gillette, Michael A and Paulovich, Amanda and Pomeroy, Scott L and Golub, Todd R and Lander, Eric S and Mesirov, Jill P},
title = {{Gene set enrichment analysis: a knowledge-based approach for interpreting genome-wide expression profiles.}},
journal = {Proceedings of the National Academy of Sciences of the United States of America},
year = {2005},
volume = {102},
number = {43},
pages = {15545--15550},
month = oct
}

@article{Khatri:2012fy,
author = {Khatri, Purvesh and Sirota, Marina and Butte, Atul J},
title = {{Ten Years of Pathway Analysis: Current Approaches and Outstanding Challenges}},
journal = {PLoS computational biology},
year = {2012},
volume = {8},
number = {2},
pages = {e1002375},
month = feb
}

@article{Ashburner:2000ja,
author = {Ashburner, M and Ball, C A and Blake, J A and Botstein, D and Butler, H and Cherry, J M and Davis, A P and Dolinski, K and Dwight, S S and Eppig, J T and Harris, M A and Hill, D P and Issel-Tarver, L and Kasarskis, A and Lewis, S and Matese, J C and Richardson, J E and Ringwald, M and Rubin, G M and Sherlock, G},
title = {{Gene ontology: tool for the unification of biology. The Gene Ontology Consortium.}},
journal = {Nature genetics},
year = {2000},
volume = {25},
number = {1},
pages = {25--29},
month = may
}

@article{Ovcharenko:2005br,
author = {Ovcharenko, I},
title = {{Evolution and functional classification of vertebrate gene deserts}},
journal = {Genome Research},
year = {2005},
volume = {15},
number = {1},
pages = {137--145},
month = jan
}

@article{Debrabant:2017gd,
author = {Debrabant, Birgit},
title = {{The null hypothesis of GSEA, and a novel statistical model for competitive gene set analysis}},
journal = {Bioinformatics },
year = {2017},
volume = {33},
number = {9},
pages = {1271--1277},
month = may
}

@article{Wu:2011dc,
author = {Wu, Hao and D'Alessio, Ana C and Ito, Shinsuke and Wang, Zhibin and Cui, Kairong and Zhao, Keji},
title = {{Genome-wide analysis of distribution reveals its dual function in transcriptional regulation in mouse embryonic stem cells}},
journal = {Genes {\&} Development},
year = {2011},
volume = {25},
pages = {679--684}
}

@article{Feng:2012hi,
author = {Feng, Jianxing and Liu, Tao and Qin, Bo and Zhang, Yong and Liu, Xiaole Shirley},
title = {{Identifying ChIP-seq enrichment using MACS.}},
journal = {Nature Protocols},
year = {2012},
volume = {7},
number = {9},
pages = {1728--1740},
month = sep
}

@article{Langmead:2012jh,
author = {Langmead, Ben and Salzberg, Steven L},
title = {{Fast gapped-read alignment with Bowtie 2.}},
journal = {Nature Methods},
year = {2012},
volume = {9},
number = {4},
pages = {357--359},
month = mar
}

@article{Ehrlich:2014hj,
author = {Ehrlich, Melanie and Ehrlich, Kenneth C},
title = {{DNA cytosine methylation and hydroxymethylation at the borders.}},
journal = {Epigenomics},
year = {2014},
volume = {6},
number = {6},
pages = {563--566}
}

@article{Xie:2013fk,
author = {Xie, Wei and Schultz, Matthew D and Lister, Ryan and Hou, Zhonggang and Rajagopal, Nisha and Ray, Pradipta and Whitaker, John W and Tian, Shulan and Hawkins, R David and Leung, Danny and Yang, Hongbo and Wang, Tao and Lee, Ah Young and Swanson, Scott A and Zhang, Jiuchun and Zhu, Yun and Kim, Audrey and Nery, Joseph R and Urich, Mark A and Kuan, Samantha and Yen, Chia-an and Klugman, Sarit and Yu, Pengzhi and Suknuntha, Kran and Propson, Nicholas E and Chen, Huaming and Edsall, Lee E and Wagner, Ulrich and Li, Yan and Ye, Zhen and Kulkarni, Ashwinikumar and Xuan, Zhenyu and Chung, Wen-Yu and Chi, Neil C and Antosiewicz-Bourget, Jessica E and Slukvin, Igor and Stewart, Ron and Zhang, Michael Q and Wang, Wei and Thomson, James A and Ecker, Joseph R and Ren, Bing},
title = {{Epigenomic Analysis of Multilineage Differentiation of Human Embryonic Stem Cells}},
journal = {Cell},
year = {2013},
volume = {153},
number = {5},
pages = {1134--1148},
month = may
}

@article{Jewison:2014gc,
author = {Jewison, Timothy and Su, Yilu and Disfany, Fatemeh Miri and Liang, Yongjie and Knox, Craig and Maciejewski, Adam and Poelzer, Jenna and Huynh, Jessica and Zhou, You and Arndt, David and Djoumbou, Yannick and Liu, Yifeng and Deng, Lu and Guo, An Chi and Han, Beomsoo and Pon, Allison and Wilson, Michael and Rafatnia, Shahrzad and Liu, Philip and Wishart, David S},
title = {{SMPDB 2.0: big improvements to the Small Molecule Pathway Database.}},
journal = {Nucleic Acids Research},
year = {2014},
volume = {42},
number = {Database issue},
pages = {D478--84},
month = jan
}

@article{Rothbart:2014kf,
author = {Rothbart, Scott B and Strahl, Brian D},
title = {{Interpreting the language of histone and DNA modifications}},
journal = {BBA - Gene Regulatory Mechanisms},
year = {2014},
volume = {1839},
number = {8},
pages = {627--643},
month = aug
}

@article{Yong:2016jw,
author = {Yong, Wai-Shin and Hsu, Fei-Man and Chen, Pao-Yang},
title = {{Profiling genome-wide DNA methylation}},
journal = {Epigenetics {\&} Chromatin},
year = {2016},
volume = {9},
number = {26},
pages = {1--16},
month = jun
}
